@misc{brodkorb, 
title={The Entscheidungsproblem and Alan Turing - georgia college}, 
url={https://www.gcsu.edu/sites/files/page-assets/node-808/attachments/brodkorb.pdf}, 
author={Brodkorb, Laurel}
} 
